%% This BibTeX bibliography file was created using BibDesk.
%% http://bibdesk.sourceforge.net/

%% Created for Diego Strubolini at 2016-07-12 17:33:24 -0300 


%% Saved with string encoding Unicode (UTF-8) 



@article{porter2011monad,
	Author = {Porter, Julian and Petricek, Tomas and Auclair, Douglas M},
	Date-Added = {2016-07-12 20:32:56 +0000},
	Date-Modified = {2016-07-12 20:32:56 +0000},
	Title = {The Monad. Reader Issue 18},
	Year = {2011}}

@article{dean2008mapreduce,
	Author = {Dean, Jeffrey and Ghemawat, Sanjay},
	Date-Added = {2016-07-12 20:31:09 +0000},
	Date-Modified = {2016-07-12 20:31:09 +0000},
	Journal = {Communications of the ACM},
	Number = {1},
	Pages = {107--113},
	Publisher = {ACM},
	Title = {MapReduce: simplified data processing on large clusters},
	Volume = {51},
	Year = {2008}}
